<?xml version="1.0" encoding="UTF-8"?><collection xmlns="http://www.loc.gov/MARC21/slim"><record><leader>00327nam--2200133-i-4500</leader><controlfield tag="001">000024868</controlfield><controlfield tag="002">20161230</controlfield><controlfield tag="005">20161230201035</controlfield><controlfield tag="008">060222s1000------------r-----000-0-eng-d</controlfield><datafield ind1=" " ind2=" " tag="080"><subfield code="a">550.34:550.834.08</subfield></datafield><datafield ind1=" " ind2=" " tag="100"><subfield code="a">Bouasse, H</subfield></datafield><datafield ind1=" " ind2=" " tag="245"><subfield code="a">Seismes et sismographes</subfield></datafield><datafield ind1=" " ind2=" " tag="260"><subfield code="a">Paris, Librairie Delagrave, 1927 382 P</subfield></datafield><datafield ind1=" " ind2=" " tag="852"><subfield code="a">47814</subfield></datafield></record></collection>